@misc{id2090,
	title={Repository for ID2090 course},
	howpublished={\url{https://github.com/gphanikumar/mm2090}},
	note = {Accessed: 2022-06-13}
}

